of a bibliographical database for bibTeX
%
%  Recommended software for maintenance of *.bib files:
%    JabRef, http://jabref.sourceforge.net/
%
%  BEWARE:
%
%    *  If a name contains a capital letter, which must be kept such,
%       use curly brackets ({T}hailand, {HIV}).
%
%  ===========================================================================

@ARTICLE{Delmonte2014,
	title = {{SPARSAR}: An Expressive Poetry Reader},
	author = {Delmonte, R.  and Prati, A. M.},
	booktitle = {Proceedings of the Demonstrations at the 14th Conference of the {E}uropean Chapter of the Association for Computational Linguistics},
	month = {apr},
	year = {2014},
	address = {Gothenburg, Sweden},
	publisher = {Association for Computational Linguistics},
	url = {/https://www.aclweb.org/anthology/E14-2019},
	doi = {10.3115/v1/E14-2019},
	pages = {73--76},
}

@ARTICLE{Malmi2016,
	author = {Malmi, E. and Takala, P. and Toivonen, H. and Raiko, T. and Gionis, A.},
	title = {DopeLearning: A Computational Approach to Rap Lyrics Generation},
	year = {2016},
	isbn = {9781450342322},
	publisher = {Association for Computing Machinery},
	address = {New York, NY, USA},
	url = {https://doi.org/10.1145/2939672.2939679},
	doi = {10.1145/2939672.2939679},
	booktitle = {Proceedings of the 22nd ACM SIGKDD International Conference on Knowledge Discovery and Data Mining},
	pages = {195–204},
	numpages = {10},
	keywords = {lyrics generation, rap, deep learning, natural language processing, rankSVM, information retrieval},
	location = {San Francisco, California, USA},
	series = {KDD '16}
}

@ARTICLE{Shi2017,
	title = {{H}afez: an Interactive Poetry Generation System},
	author = {Ghazvininejad, M.  and Shi, X.  and Priyadarshi, J.  and Knight, K.},
	booktitle = {Proceedings of {ACL} 2017, System Demonstrations},
	month = {jul},
	year = {2017},
	address = {Vancouver, Canada},
	publisher = {Association for Computational Linguistics},
	url = {https://www.aclweb.org/anthology/P17-4008},
	pages = {43--48},
}

@ARTICLE{Zhang2014,
	title = {{C}hinese Poetry Generation with Recurrent Neural Networks},
	author = {Zhang, X. and Lapata, M.},
	booktitle = {Proceedings of the 2014 Conference on Empirical Methods in Natural Language Processing ({EMNLP})},
	month = {oct},
	year = {2014},
	address = {Doha, Qatar},
	publisher = {Association for Computational Linguistics},
	url = {https://www.aclweb.org/anthology/D14-1074},
	doi = {10.3115/v1/D14-1074},
	pages = {670--680},
}

@ARTICLE{Abdul2013,
	author = {A. Abdul-Rahman and J. Lein and K. Coles and E. Maguire and M. Meyer
	and M. Wynne and C.R. Johnson and A. Trefethen and M. Chen},
	title = {Rule-based Visual Mappings -- with a Case Study on Poetry Visualization},
	journal = {Computer Graphics Forum},
	year = {2013},
	volume = {32},
	pages = {381--390},
	number = {3},
	abstract = {In this paper, we present a user-centered design study on poetry visualization.
	We develop a rule-based solution to address the conflicting needs
	for maintaining the flexibility of visualizing a large set of poetic
	variables and for reducing the tedium and cognitive load in interacting
	with the visual mapping control panel. We adopt Munzner's nested
	design model to maintain high-level interactions with the end users
	in a closed loop. In addition, we examine three design options for
	alleviating the difficulty in visualizing poems latitudinally. We
	present several example uses of poetry visualization in scholarly
	research on poetry.},
	doi = {10.1111/cgf.12125},
	url = {http://dx.doi.org/10.1111/cgf.12125}
}

@article{Clement2013,
	title={Sounding for Meaning: Using Theories of Knowledge Representation to Analyze Aural Patterns in Texts.},
	author={Clement, Tanya and Tcheng, David and Auvil, Loretta and Capitanu, Boris and Monroe, Megan},
	journal={DHQ: Digital Humanities Quarterly},
	volume={7},
	number={1},
	year={2013}
}
@inproceedings{Schroder2006,
	title={OpenMary--open source unit selection as the basis for research on expressive synthesis},
	author={Schr{\"o}der, Marc and Hunecke, Anna and Krstulovic, Sacha},
	booktitle={Blizzard Workshop},
	year={2006}
}
@inproceedings{McCurdy2015,
	title={Rhymedesign: A tool for analyzing sonic devices in poetry},
	author={McCurdy, Nina and Srikumar, Vivek and Meyer, Miriah},
	booktitle={Proceedings of the Fourth Workshop on Computational Linguistics for Literature},
	pages={12--22},
	year={2015}
}
@article{Meneses2015,
	title={Visualizing poetry: Tools for critical analysis},
	author={Meneses, Luis and Furuta, Richard},
	journal={paj: The Journal of the Initiative for Digital Humanities, Media, and Culture},
	volume={3},
	year={2015}
}
@article{McCurdy2015poemage,
	title={Poemage: Visualizing the sonic topology of a poem},
	author={McCurdy, Nina and Lein, Julie and Coles, Katharine and Meyer, Miriah},
	journal={IEEE transactions on visualization and computer graphics},
	volume={22},
	number={1},
	pages={439--448},
	year={2015},
	publisher={IEEE}
}

@inproceedings{greene2010automatic,
	title={Automatic analysis of rhythmic poetry with applications to generation and translation},
	author={Greene, Erica and Bodrumlu, Tugba and Knight, Kevin},
	booktitle={Proceedings of the 2010 conference on empirical methods in natural language processing},
	pages={524--533},
	year={2010}
}
@incollection{plechavc2018collocation,
	title={A Collocation-Driven Method of Discovering Rhymes (in Czech, English, and French Poetry)},
	author={Plech{\'a}{\v{c}}, Petr},
	booktitle={Taming the Corpus},
	pages={79--95},
	year={2018},
	publisher={Springer}
}
@inproceedings{reddy2011unsupervised,
	title={Unsupervised discovery of rhyme schemes},
	author={Reddy, Sravana and Knight, Kevin},
	booktitle={Proceedings of the 49th Annual Meeting of the Association for Computational Linguistics: Human Language Technologies},
	pages={77--82},
	year={2011}
}
@article{lau2018deep,
	title={Deep-speare: A joint neural model of poetic language, meter and rhyme},
	author={Lau, Jey Han and Cohn, Trevor and Baldwin, Timothy and Brooke, Julian and Hammond, Adam},
	journal={arXiv preprint arXiv:1807.03491},
	year={2018}
}
@book{walter2008cambridge,
	title={Cambridge advanced learner's dictionary},
	author={Walter, Elizabeth},
	year={2008},
	publisher={Cambridge university press}
}

@misc{literarydevices2020, title={Rhyme - Examples and Definition of Rhyme as a Literary Device}, url={https://literarydevices.net/rhyme/}, journal={Literary Devices}, author={{LiteraryDevices Editors}}, year={2020}, month={Dec}} 

@book{lea1980trends,
	title={Trends in speech recognition},
	author={Lea, Wayne A},
	year={1980},
	publisher={Prentice Hall PTR}
}
@article{vanphonological,
	title={Phonological and phonetic similarity as underlying principles of imperfect rhyme},
	author={van der Schelde, Jona},
	year={2020}
}

@article{bergman2017litcharts,
title={Rhyme},
author={Bergman, Bennet},
url={https://www.litcharts.com/literary-devices-and-terms/rhyme},
publisher={LitCharts {LLC}},
	urldate={2021-04-17},
year={2017}
}

@book{bain1867manual,
title={English composition and rhetoric, a manual},
author={Bain, Alexander},
publisher={New York, Appleton},
year={1867}
}

@article{britannica,
	title={Encyclopedia Britannica},
	author={{The Editors of Encyclopaedia Britannica}},
	url={https://www.britannica.com/},
	urldate={2021-04-17},
	year={2014}
}
@misc{dictionary2000oxford,
	title={Oxford Advanced Learner’s Dictionary},
	author={{Oxford Dictionary}},
	year={2000},
	publisher={Oxford: Oxford university press}
}
@book{oxforddict2008literary,
	title={The Oxford Dictionary of Literary Terms},
	volume={3},
	author={Chris Baldick},
	publisher={Oxford University PressPrint},
	year={2008},
	isbn={9780199208272}
}
@book{brogan2016poeticterms,
	title={The Princeton Handbook of Poetic Terms},
	volume={3},
	author={Brogan, T. V. F.},
	publisher={Princeton University Press},
	year={2016},
	isbn={9781400880645}
}
@article{thomas1952author,
	title={Author's prologue},
	author={Thomas, Dylan},
	journal={Collected Poems 1934-1952},
	year={1952}
}
@book{eastman1970norton,
title={The Norton Anthology of Poetry},
author={Eastman, Arthur M and Allison, Alexander Ward and Barrows, Herbert and others},
year={1970},
publisher={Norton New York}
}

@article{hochreiter1997long,
	title={Long short-term memory},
	author={Hochreiter, Sepp and Schmidhuber, J{\"u}rgen},
	journal={Neural computation},
	volume={9},
	number={8},
	pages={1735--1780},
	year={1997},
	publisher={MIT Press}
}

@inproceedings{mortensen2016panphon,
	author    = {David R. Mortensen and
	Patrick Littell and
	Akash Bharadwaj and
	Kartik Goyal and
	Chris Dyer and
	Lori S. Levin},
	title     = {PanPhon: {A} Resource for Mapping {IPA} Segments to Articulatory Feature Vectors},
	booktitle = {Proceedings of {COLING} 2016, the 26th International Conference on Computational Linguistics: Technical Papers},
	pages     = {3475--3484},
	publisher = {{ACL}},
	year      = {2016}
}
@article{plechac2017presentation,
	author = {Petr Plecháč},
	year = {2017},
	date   = {6.5.2021},
	title  = {COLLOCATION-DRIVEN METHOD OF DISCOVERING RHYMES IN A CORPUS OF CZECH, ENGLISH, AND FRENCH POETIC TEXTS},
	url    = {http://versologie.cz/talks/2017basel/},
}
@article{prosevis2017sourceforge,
	author = {ProseVis},
	date   = {2021-05-06},
	title  = {ProseVis},
	url    = {https://sourceforge.net/projects/prosevis/},
	year   = {2014},
}
@misc{g2pE2019,
	author = {Park, Kyubyong and Kim, Jongseok},
	title = {g2pE},
	year = {2019},
	publisher = {GitHub},
	journal = {GitHub repository},
	url = {https://github.com/Kyubyong/g2p}
}
@article{brown2020gpt3,
	title={Language Models are Few-Shot Learners},
	author={Tom B. Brown and Benjamin Mann and Nick Ryder and Melanie Subbiah and Jared Kaplan and Prafulla Dhariwal and Arvind Neelakantan and Pranav Shyam and Girish Sastry and Amanda Askell and Sandhini Agarwal and Ariel Herbert-Voss and Gretchen Krueger and Tom Henighan and Rewon Child and Aditya Ramesh and Daniel M. Ziegler and Jeffrey Wu and Clemens Winter and Christopher Hesse and Mark Chen and Eric Sigler and Mateusz Litwin and Scott Gray and Benjamin Chess and Jack Clark and Christopher Berner and Sam McCandlish and Alec Radford and Ilya Sutskever and Dario Amodei},
	year={2020},
	eprint={2005.14165},
	archivePrefix={arXiv},
	primaryClass={cs.CL}
}

@article{rosa2021theaitre,
	title={THEaiTRE 1.0: Interactive generation of theatre play scripts},
	author={Rosa, Rudolf and Musil, Tom{\'a}{\v{s}} and Du{\v{s}}ek, Ond{\v{r}}ej and Jurko, Dominik and Schmidtov{\'a}, Patr{\'\i}cia and Mare{\v{c}}ek, David and Bojar, Ond{\v{r}}ej and Kocmi, Tom and Hrbek, Daniel and Ko{\v{s}}t'{\'a}k, David and others},
	journal={arXiv preprint arXiv:2102.08892},
	year={2021}
}
@article{zhirmunsky2013introduction,
	title={Introduction to Rhyme: Its" History and Theory"},
	author={Zhirmunsky, Viktor and Hoffmann, John},
	journal={Chicago Review},
	volume={57},
	number={3/4},
	pages={121--128},
	year={2013},
	publisher={JSTOR}
}
@article{radford2019gpt2,
	title={Language Models are Unsupervised Multitask Learners},
	author={Radford, Alec and Wu, Jeff and Child, Rewon and Luan, David and Amodei, Dario and Sutskever, Ilya},
	year={2019}
}
@misc{tensorflow2015-whitepaper,
	title={ {TensorFlow}: Large-Scale Machine Learning on Heterogeneous Systems},
	url={https://www.tensorflow.org/},
	note={Software available from tensorflow.org},
	author={
	Mart\'{\i}n~Abadi and
	Ashish~Agarwal and
	Paul~Barham and
	Eugene~Brevdo and
	Zhifeng~Chen and
	Craig~Citro and
	Greg~S.~Corrado and
	Andy~Davis and
	Jeffrey~Dean and
	Matthieu~Devin and
	Sanjay~Ghemawat and
	Ian~Goodfellow and
	Andrew~Harp and
	Geoffrey~Irving and
	Michael~Isard and
	Yangqing Jia and
	Rafal~Jozefowicz and
	Lukasz~Kaiser and
	Manjunath~Kudlur and
	Josh~Levenberg and
	Dandelion~Man\'{e} and
	Rajat~Monga and
	Sherry~Moore and
	Derek~Murray and
	Chris~Olah and
	Mike~Schuster and
	Jonathon~Shlens and
	Benoit~Steiner and
	Ilya~Sutskever and
	Kunal~Talwar and
	Paul~Tucker and
	Vincent~Vanhoucke and
	Vijay~Vasudevan and
	Fernanda~Vi\'{e}gas and
	Oriol~Vinyals and
	Pete~Warden and
	Martin~Wattenberg and
	Martin~Wicke and
	Yuan~Yu and
	Xiaoqiang~Zheng},
	year={2015},
}
@misc{pearson2005encyclopedia,
	title={Encyclopedia of language and linguistics},
	author={Pearson, Barbara Zurer and de Villiers, PA and Brown, K and Lieven, E},
	year={2005},
	publisher={Oxford, UK: Elsevier}
}
@article{weiss2015google,
	title={Google N-Gram Viewer},
	author={Weiss, Andrew},
	journal={The Complete Guide to Using Google in Libraries: Instruction, Administration, and Staff Productivity},
	volume={1},
	pages={183},
	year={2015},
	publisher={Rowman \& Littlefield}
}
@inproceedings{tilk2016punctuation,
	title={Bidirectional Recurrent Neural Network with Attention Mechanism for Punctuation Restoration.},
	author={Tilk, Ottokar and Alum{\"a}e, Tanel},
	booktitle={Interspeech},
	pages={3047--3051},
	year={2016}
}
@phdthesis{holtman1996generative,
	title={A generative approach to rhyme: An Optimality approach},
	author={Holtman, Astrid and Buckley, Eugene},
	year={1996},
	school={Ph. D. thesis}
}
@WWW{angular,
	title={Angular},
	author={Google},
	year={2021}
}

@online{rhymes_overview,
	title={Automated detection of rhymes in texts (From rhymes to networks 4)},
	author={List, Johann-Mattis},
	year={2020},
	URL={http://phylonetworks.blogspot.com/2020/07/automated-detection-of-rhymes-in-texts.html},
}

@online{gpt-3_overview,
	title={A Complete Overview of {GPT}-3 — The Largest Neural Network Ever Created},
	author={Romero, Alberto},
	year={2021},
	accessed={2021-07-19},
	URL={https://towardsdatascience.com/gpt-3-a-complete-overview-190232eb25fd}
}